<collection xmlns="http://www.loc.gov/MARC21/slim">
<record>
  <leader>01917nam a2200445 a 4500</leader>
  <controlfield tag="001">3215655</controlfield>
  <controlfield tag="007">he amb---bbcp</controlfield>
  <controlfield tag="007">he bmb---baap</controlfield>
  <controlfield tag="008">841115s1714    enk     b     000 0 eng d</controlfield>
  <datafield tag="020" ind1=" " ind2=" ">
    <subfield code="a">0665286767</subfield>
  </datafield>
  <datafield tag="035" ind1=" " ind2=" ">
    <subfield code="a">ocn317776430</subfield>
  </datafield>
  <datafield tag="040" ind1=" " ind2=" ">
    <subfield code="a">CaOOCIHM</subfield>
    <subfield code="b">eng</subfield>
    <subfield code="d">AEU</subfield>
  </datafield>
  <datafield tag="043" ind1=" " ind2=" ">
    <subfield code="a">e-uk---</subfield>
    <subfield code="a">s------</subfield>
    <subfield code="a">nwjm---</subfield>
  </datafield>
  <datafield tag="082" ind1="0" ind2=" ">
    <subfield code="a">382.44</subfield>
    <subfield code="2">19</subfield>
  </datafield>
  <datafield tag="090" ind1=" " ind2=" ">
    <subfield code="a">FC 02 0203 no. 28676</subfield>
    <subfield code="b">AEU</subfield>
  </datafield>
  <datafield tag="245" ind1="0" ind2="4">
    <subfield code="a">The Assiento contract consider&apos;d</subfield>
    <subfield code="h">[microform] :</subfield>
    <subfield code="b">as also, the advantages and decay of the trade of Jamaica and the plantations, with the causes and consequences thereof : in several letters to a member of Parliament.</subfield>
  </datafield>
  <datafield tag="260" ind1=" " ind2=" ">
    <subfield code="a">London :</subfield>
    <subfield code="b">Printed and sold by Ferd. Burleigh ...,</subfield>
    <subfield code="c">1714.</subfield>
  </datafield>
  <datafield tag="300" ind1=" " ind2=" ">
    <subfield code="a">1 microfiche (35 fr.).</subfield>
  </datafield>
  <datafield tag="490" ind1="1" ind2=" ">
    <subfield code="a">CIHM/ICMH Microfiche series = CIHM/ICMH collection de microfiches ;</subfield>
    <subfield code="v">no. 28676</subfield>
  </datafield>
  <datafield tag="500" ind1=" " ind2=" ">
    <subfield code="a">&quot;The French have dealt with us ...&quot;</subfield>
  </datafield>
  <datafield tag="500" ind1=" " ind2=" ">
    <subfield code="a">Errata: p. 50.</subfield>
  </datafield>
  <datafield tag="533" ind1=" " ind2=" ">
    <subfield code="a">Filmed from a copy of the original publication held by the Library of Congress, Photoduplication Service.</subfield>
    <subfield code="b">Ottawa :</subfield>
    <subfield code="c">Canadian Institute for Historical Microreproductions,</subfield>
    <subfield code="d">1982.</subfield>
  </datafield>
  <datafield tag="534" ind1=" " ind2=" ">
    <subfield code="e">5 prelim. leaves, 50 p. ; 19 cm.</subfield>
  </datafield>
  <datafield tag="596" ind1=" " ind2=" ">
    <subfield code="a">43</subfield>
  </datafield>
  <datafield tag="630" ind1="0" ind2="0">
    <subfield code="a">Asiento treaty,</subfield>
    <subfield code="d">1713.</subfield>
  </datafield>
  <datafield tag="630" ind1="0" ind2="6">
    <subfield code="a">Asiento, Traité</subfield>
    <subfield code="d">(1713</subfield>
  </datafield>
<!-- No separator at end of field length=30 -->
<!-- Bad indicator data. Skipping 2 bytes -->
  <datafield tag="650" ind1=" " ind2="0">
    <subfield code="a">Slave trade</subfield>
    <subfield code="z">Great Britain.</subfield>
  </datafield>
<!-- Bad indicator data. Skipping 2 bytes -->
  <datafield tag="650" ind1=" " ind2="0">
    <subfield code="a">Slave trade</subfield>
    <subfield code="z">Spain</subfield>
    <subfield code="x">Colonies.</subfield>
  </datafield>
<!-- Bad indicator data. Skipping 2 bytes -->
  <datafield tag="650" ind1=" " ind2="6">
    <subfield code="a">Esclaves</subfield>
    <subfield code="x">Commerce</subfield>
    <subfield code="z">Grande-Bretagne.</subfield>
  </datafield>
<!-- Bad indicator data. Skipping 2 bytes -->
  <datafield tag="650" ind1=" " ind2="6">
    <subfield code="a">Esclaves</subfield>
    <subfield code="x">Commerce</subfield>
    <subfield code="z">Espagne</subfield>
    <subfield code="x">Colonies.</subfield>
  </datafield>
<!-- Bad indicator data. Skipping 2 bytes -->
  <datafield tag="651" ind1=" " ind2="0">
    <subfield code="a">Jamaica</subfield>
    <subfield code="x">Commerce.</subfield>
  </datafield>
<!-- Bad indicator data. Skipping 2 bytes -->
  <datafield tag="651" ind1=" " ind2="0">
    <subfield code="a">Great Britain</subfield>
    <subfield code="x">Commerce</subfield>
    <subfield code="z">Spain</subfield>
    <subfield code="x">Colonies.</subfield>
  </datafield>
<!-- Bad indicator data. Skipping 2 bytes -->
  <datafield tag="651" ind1=" " ind2="0">
    <subfield code="a">Spain</subfield>
    <subfield code="x">Colonies</subfield>
    <subfield code="x">Commerce</subfield>
    <subfield code="z">Great Britain.</subfield>
  </datafield>
<!-- Bad indicator data. Skipping 2 bytes -->
  <datafield tag="651" ind1=" " ind2="6">
    <subfield code="a">Jamaïque</subfield>
    <subfield code="x">Commerc</subfield>
  </datafield>
<!-- No separator at end of field length=25 -->
  <datafield tag="651" ind1="c" ind2="e">
  </datafield>
<!-- Separator but not at end of field length=50 -->
  <datafield tag="651" ind1="e" ind2="s">
  </datafield>
<!-- Separator but not at end of field length=50 -->
  <datafield tag="830" ind1="n" ind2="e">
  </datafield>
<!-- Separator but not at end of field length=45 -->
  <datafield tag="949" ind1="6" ind2="7">
  </datafield>
<!-- Separator but not at end of field length=22 -->
  <datafield tag="016" ind1="P" ind2="R">
  </datafield>
<!-- Separator but not at end of field length=15 -->
  <datafield tag="926" ind1="9" ind2="0">
  </datafield>
<!-- Separator but not at end of field length=58 -->
</record>
</collection>
